@misc{cmake,
    title = {cmake homepage},
    howpublished = {\url{https://cmake.org/}},
}

@misc{UseLATEX,
    title = {{UseLATEX.cmake} in github},
    howpublished = {\url{https://github.com/kmorel/UseLATEX}},
}
